<?xml version="1.0" encoding="UTF-8"?><collection xmlns="http://www.loc.gov/MARC21/slim"><record><leader>00542nam--2200169-i-4500</leader><controlfield tag="001">000011234</controlfield><controlfield tag="002">20161230</controlfield><controlfield tag="005">20170116235428</controlfield><controlfield tag="008">060222s1000------------r-----000-0-eng-d</controlfield><datafield ind1=" " ind2=" " tag="100"><subfield code="a">Acena Barrenechea, Miguel L</subfield></datafield><datafield ind1=" " ind2=" " tag="245"><subfield code="a">Determinacion de 230Th(Ionio) en Minerales y Residuos del procesado de uranio IV. determi- nacion del rendimiento en la separacion de 230th</subfield></datafield><datafield ind1=" " ind2=" " tag="260"><subfield code="a">Madrid</subfield><subfield code="b">Junta De Energia Nuclear</subfield><subfield code="c">1974</subfield></datafield><datafield ind1=" " ind2=" " tag="300"><subfield code="a">15 p</subfield></datafield><datafield ind1=" " ind2=" " tag="490"><subfield code="a">280</subfield></datafield><datafield ind1=" " ind2=" " tag="700"><subfield code="a">Galiano Sedano, J. A</subfield></datafield><datafield ind1=" " ind2=" " tag="852"><subfield code="a">13754</subfield></datafield><datafield ind1=" " ind2=" " tag="CAT"><subfield code="a">SYS</subfield><subfield code="c">20170116</subfield><subfield code="h">235428</subfield></datafield></record></collection>